@string{jt624 = {16TeHuNa.method}}
