@article{ 11SaMiMa.FeO,
   author = {Sakellaris, Constantine N. and Miliordos, Evangelos and Mavridis, Aristides},
   title = {First principles study of the ground and excited states of FeO, FeO+, and FeOâˆ’},
   journal = {The Journal of Chemical Physics},
   year = {2011},
   volume = {134},
   number = {23}, 
   eid = 234308,
   pages = {},
   url = {http://scitation.aip.org/content/aip/journal/jcp/134/23/10.1063/1.3598529},
   doi = {http://dx.doi.org/10.1063/1.3598529}
}

