@article{ 72DoHixx.LiH,
   author = {Docken, Kate K. and Hinze, Juergen},
   title = {LiH Potential Curves and Wavefunctions for X-1Sigma, A-1Sigma+, B-1Pi,3Sigma+, and Pi},
   journal = JCP,
   year = {1972},
   volume = {57},
   number = {11}, 
   eid = ,
   pages = {4928-4936},
   url = {http://scitation.aip.org/content/aip/journal/jcp/57/11/10.1063/1.1678164},
   doi = {http://dx.doi.org/10.1063/1.1678164}
}

