@article { 16Koput.SiC2,
author = {Koput, Jacek},
title = {Ab initio potential energy surface and vibration-rotation energy levels of silicon dicarbide, SiC2},
journal = JCC,
volume = {37},
number = {26},
issn = {1096-987X},
url = {http://dx.doi.org/10.1002/jcc.24464},
doi = {10.1002/jcc.24464},
pages = {2395--2402},
keywords = {silicon dicarbide, structure, potential energy surface, vibration-rotation energy levels},
year = {2016},
}
